@article {Hagen2019,
  author = {Hans Hagen},
  title = "ConTeXt LMTX",
  journal = "TUGboat",
  volume = "40",
  number = "1",
  pages = "34--37",
  month = "4",
  year = "2019"
}

@online{ma-cb-en,
  author = {Hans Hagen},
  title = {\ConTeXt\ Mark IV: an excursion},
  url = {http://www.pragma-ade.nl/general/manuals/ma-cb-en.pdf},
  year = {2017}
}

@online{bash-haters,
  author = {李延瑞},
  title = {听说你讨厌 Bash},
  url = {https://zhuanlan.zhihu.com/p/1918388156346107184},
  year = {2018}
}

@online{bash-tutor,
  author = {李延瑞},
  title = {Bash 指南},
  url = {https://segmentfault.com/a/1190000017229619},
  year = {2018}
}

@online{ugly-bash,
  author = {李延瑞},
  title = {Bash 之丑陋},
  url = {https://zhuanlan.zhihu.com/p/1918533431886853968},
  year = {2025}
}

@online{mp-necessity,
  author = {李延瑞},
  title = {现代还有学习 MetaPost 的必要吗？},
  url = {https://zhuanlan.zhihu.com/p/1932476924283839013},
  year = {2025}
}

@online{mp-ethos,
  author = {李延瑞},
  title = {MetaPost 的气质},
  url = {https://zhuanlan.zhihu.com/p/1932739070951416739},
  year = {2025}
}

@online{mp-crow,
  author = {李延瑞},
  title = {MetaPost 涂鸦式入门},
  url = {https://zhuanlan.zhihu.com/p/1932894857468314368},
  year = {2025}
}

@online{basic-lua,
  author = {李延瑞},
  title = {学一点 Lua},
  url = {https://segmentfault.com/a/1190000043380246},
  year = {2023}
}

@online{tables,
  author = {\CONTEXT\ wiki},
  title = {Tables},
  url = {https://wiki.contextgarden.net/Tables},
  year = {2025}
}

@online{tabulation,
  author = {\CONTEXT\ wiki},
  title = {Tabulate},
  url = {https://wiki.contextgarden.net/Tables/Tabulate},
  year = {2025}
}

@online{natual-table,
  author = {\CONTEXT\ wiki},
  title = {Natural tables with TABLE},
  url = {https://wiki.contextgarden.net/Tables/Natual_tables_with_TABLE},
  year = {2025}
}

@online{faking-text,
  author = {Hans Hagen},
  title = {Faking text and more},
  url = {http://www.pragma-ade.nl/general/magazines/mag-0007-mkiv.pdf},
  year = {2016}
}

@online{unicode-blocks,
  author = {\ConTeXt\ wiki},
  title = {List of Unicode blocks},
  url = {https://wiki.contextgarden.net/List_of_Unicode_blocks},
  year = {2020}
}

@online{contextref,
  author = {Hans Hagen}, 
  title = {\ConTeXt\ Reference},
  url = {http://pmrb.free.fr/contextref.pdf},
  year = 2013
}

@online{floating-objects,
  author = {\ConTeXt\ wiki}, 
  title = {Floating Objects},
  url = {https://wiki.contextgarden.net/Floating_Objects},
  year = 2021
}

@online{metafun,
  author = {李延瑞}, 
  title = {\MetaFun\ 小传},
  url = {https://segmentfault.com/a/1190000016832302},
  year = 2018
}

@online{math,
  author = {\ConTeXt\ wiki},
  title = {Mathematics},
  url = {https://wiki.contextgarden.net/Mathematics},
  year = {2025}
}

@online{mpman,
  author = {John D. Hobby},
  title = {\MetaPost\ Manual},
  url = {https://www.tug.org/docs/metapost/mpman.pdf},
  year = {2022}
}

@online{overlay,
  author = {\ConTeXt\ wiki},
  title = {Overlays},
  url = {https://wiki.contextgarden.net/Overlays},
  year = {2022}
}

@online{framed,
  author = {\ConTeXt\ wiki},
  title = {Framed},
  url = {https://wiki.contextgarden.net/Framed},
  year = {2022}
}

@online{math-fonts,
  author = {\ConTeXt\ wiki},
  title = {Mathematics Fonts},
  url = {https://wiki.contextgarden.net/Mathematics/Fonts},
  year = {2025}
}

@online{lpeg,
  author = {李延瑞},
  title = {舞弄 LPEG},
  url = {https://zhuanlan.zhihu.com/p/619453867},
  year = {2023}
}

@online{code-render,
  author = {李延瑞},
  title = {源码凸显},
  url = {https://segmentfault.com/a/1190000043405105},
  year = {2023}
}

@online{chinese-footnotes,
  author = {Wolfgang Schuster},
  title = {Chinese footnotes too wide},
  url = {https://mailman.ntg.nl/pipermail/ntg-context/2012/069674.html},
  year = {2012}
}

@online{setups,
  author = {\ConTeXt\ wiki},
  title = {Setups},
  url = {https://wiki.contextgarden.net/Input_and_compilation/Setups},
  year = {2025}
}

@online{theorems,
  author = {Aditya Mahajan},
  title = {Theorems in \CONTEXT},
  url = {https://www.ntg.nl/maps/36/09.pdf},
  year = {2008}
}

@online{verb-luatex,
  author = {\ConTeXt\ wiki},
  title = {Verbatim with \LUATEX},
  url = {https://wiki.contextgarden.net/Text_blocks/Environments/Typing/Verbatim_with_LuaTeX},
  year = {2025}
}

@online{typing,
  author = {\ConTeXt\ wiki},
  title = {Typing},
  url = {https://wiki.contextgarden.net/Text_blocks/Environments/Typing},
  year = {2025}
}

@online{sectionblock,
  author = {\ConTeXt\ wiki},
  title = {\tex{definesectionblock}},
  url = {https://wiki.contextgarden.net/Command/definesectionblock},
  year = {2025}
}

@online{toc,
  author = {\ConTeXt\ wiki},
  title = {Table of contents},
  url = {https://wiki.contextgarden.net/Document_structure_and_headlines/Table_of_contents},
  year = {2025}
}

@online{bib,
  author = {\ConTeXt\ wiki},
  title = {Bibliography and citations},
  url = {https://wiki.contextgarden.net/References_notes_and_floats/Bibliography_and_citations},
  year = {2025}
}

@online{setuplist,
  author = {\ConTeXt\ wiki},
  title = {\tex{setuplist}},
  url = {https://wiki.contextgarden.net/Command/setuplist},
  year = {2025}
}

@online{vtypeset,
  author = {李延瑞},
  title = {zhfonts 备忘录},
  url = {https://segmentfault.com/a/1190000043490118},
  year = {2023}
}

@online{vtypeset,
  author = {黄复雄},
  title = {\CONTEXT\ LMTX 中文竖排插件},
  url = {https://blog.xiiigame.com/2022-02-15-ConTeXt-LMTX中文竖排插件},
  year = {2022}
}